@inproceedings{rajpurkar2018know,
    title="Know What You Don{'}t Know: Unanswerable Questions for {SQ}u{AD}",
    author="Rajpurkar, Pranav and Jia, Robin and Liang, Percy",
    booktitle="Association for Computational Linguistics (ACL)",
    year="2018",
}
@inproceedings{rf_large_data,
    author = "Zakariah, Mohammed",
    title = "Classification of large datasets using Random Forest Algorithm in various applications: Survey",
    booktitle = "International Journal of Engineering and Innovative Technology (IJEIT)",
    year = "2014"
}

@article{irvin,
  title={Using Satellite Imagery to Predict Health},
  author={Irvin, Jeremy and Laird, Dillon and Rajpurkar, Pranav},
  year={2023},
  journal={Stanford University, Department of Computer Science},
  publisher={Stanford University}
}

@article{reddynangi,
  title={GLOBAL HEALTH MONITORING FROM SATELLITE DATA THROUGH MULTI-TASK LEARNING},
  author={Reddy Nangi, Sharmila and Tantivasadakarn, Nantanick},
  year={2023},
  journal={Stanford University, Department of Computer Science},
  publisher={Stanford University}
}

@article{gargeya,
  title={Health Indicators Report},
  author={Gargeya, Rishab},
  year={2023},
  journal={Stanford University, Department of Computer Science},
  publisher={Stanford University}
}

@article{khosla,
  title={Predicting Maternal and Infant Health Outcomes in Western Africa using Satellite Images},
  author={Khosla, Sauren and Wittenbrink, Benjamin and Zanze, Caroline},
  year={2023},
  journal={Stanford University, Department of Computer Science},
  publisher={Stanford University}
}

@article{yeh2021sustainbench,
  title={Sustainbench: Benchmarks for monitoring the sustainable development goals with machine learning},
  author={Yeh, Cynthia and Meng, Chenlin and Wang, Siyu and Driscoll, Anne and Rozi, Edgar and Liu, Pingjun and Lee, Jay and Burke, Marshall and Lobell, David B. and Ermon, Stefano},
  journal={arXiv preprint arXiv:2111.04724},
  year={2021}
}

@article{AbouZahr2015,
  title={Civil registration and vital statistics: progress in the data revolution for counting and accountability},
  author={AbouZahr, Carla and de Savigny, Don and Mikkelsen, Lene and Setel, Philip W and Lozano, Rafael and Lopez, Alan D},
  journal={The Lancet},
  volume={386},
  number={10001},
  pages={1373--1385},
  year={2015},
  publisher={Elsevier}
}

@article{Phillips2015,
  title={Are well functioning civil registration and vital statistics systems associated with better health outcomes?},
  author={Phillips, David E and Lozano, Rafael and Naghavi, Mohsen and Atkinson, Charles and Gonzalez-Medina, Diego and Mikkelsen, Lene and Murray, Christopher JL and Lopez, Alan D},
  journal={The Lancet},
  volume={386},
  number={10001},
  pages={1386--1394},
  year={2015},
  publisher={Elsevier}
}

@article{Boerma2014,
  title={Counting births and deaths 3: Civil registration: why counting births and deaths is important},
  author={Boerma, Ties and AbouZahr, Carla},
  journal={The Lancet},
  volume={386},
  pages={1373--1385},
  year={2014},
  publisher={Elsevier}
}

@article{Pedersen2019,
  title={Combining national survey with facility-based data to increase accuracy and spatial resolution of neonatal mortality estimates in Uganda},
  author={Pedersen, Jon and Hay, Simon I and Tatem, Andrew J},
  journal={Health \& Place},
  volume={57},
  pages={187--195},
  year={2019},
  publisher={Elsevier}
}

@article{Jean2016,
  title={Combining satellite imagery and machine learning to predict poverty},
  author={Jean, Neal and Burke, Marshall and Xie, Michael and Davis, W Matthew and Lobell, David B and Ermon, Stefano},
  journal={Science},
  volume={353},
  number={6301},
  pages={790--794},
  year={2016},
  publisher={American Association for the Advancement of Science}
}

@article{Bhattacharjee2021,
  title={The Use of Satellite Remote Sensing Data in Health Geography: A Review},
  author={Bhattacharjee, Soma and Schuurman, Nadine and Ker, Alan},
  journal={Journal of Geographic Information System},
  volume={13},
  number={1},
  pages={59--71},
  year={2021},
  publisher={Scientific Research Publishing}
}

@techreport{DHSprogram,
  title={The DHS Program},
  author={ICF},
  year={2023},
  institution={Demographic and Health Surveys},
  type={Online}
}

@article{Wolpert2001,
  title={Ensemble Learning},
  author={Wolpert, David H.},
  journal={In The Handbook of Brain Theory and Neural Networks},
  pages={110--125},
  year={2001},
  publisher={MIT Press}
}

@book{Pyle1999,
  title={Data Preparation for Data Mining},
  author={Pyle, Dorian},
  year={1999},
  publisher={Morgan Kaufmann}
}

@inproceedings{Chen2016,
  title={Xgboost: A scalable tree boosting system},
  author={Chen, Tianqi and Guestrin, Carlos},
  booktitle={Proceedings of the 22nd acm sigkdd international conference on knowledge discovery and data mining},
  pages={785--794},
  year={2016}
}

@inproceedings{Ke2017,
  title={LightGBM: A highly efficient gradient boosting decision tree},
  author={Ke, Guolin and Meng, Qi and Finley, Thomas and Wang, Taifeng and Chen, Wei and Ma, Weidong and Ye, Qiwei and Liu, Tie-Yan},
  booktitle={Advances in neural information processing systems},
  pages={3146--3154},
  year={2017}
}

@article{Arik2020,
  title={TabNet: Attentive Interpretable Tabular Learning},
  author={Arik, Sercan O. and Pfister, Tomas},
  journal={arXiv preprint arXiv:1908.07442},
  year={2020}
}

@inproceedings{Paszke2017,
  title={Automatic differentiation in PyTorch},
  author={Paszke, Adam and Gross, Sam and Massa, Francisco and Lerer, Adam and Bradbury, James and Chanan, Gregory and Killeen, Trevor and Lin, Zeming and Gimelshein, Natalia and Antiga, Luca and others},
  booktitle={NIPS-W},
  year={2017}
}

@article{Breiman2001,
  title={Random Forests},
  author={Breiman, Leo},
  journal={Machine learning},
  volume={45},
  number={1},
  pages={5--32},
  year={2001},
  publisher={Springer}
}

@article{Guyon2003,
  title={An Introduction to Variable and Feature Selection},
  author={Guyon, Isabelle and Elisseeff, Andre},
  journal={Journal of Machine Learning Research},
  volume={3},
  pages={1157--1182},
  year={2003}
}

@inproceedings{Bergstra2012,
  title={Random search for hyper-parameter optimization},
  author={Bergstra, James and Bengio, Yoshua},
  booktitle={Journal of Machine Learning Research},
  volume={13},
  pages={281--305},
  year={2012}
}

@book{Rubin2004,
  title={Multiple imputation for nonresponse in surveys},
  author={Rubin, Donald B},
  volume={81},
  year={2004},
  publisher={John Wiley \& Sons}
}

@inproceedings{Kohavi1995,
  title={A study of cross-validation and bootstrap for accuracy estimation and model selection},
  author={Kohavi, Ron},
  booktitle={IJCAI},
  volume={14},
  pages={1137--1145},
  year={1995},
  location={Montreal, Canada}
}
